%YAML 1.1
%TAG !u! tag:unity3d.com,2011:
--- !u!29 &1
OcclusionCullingSettings:
  m_ObjectHideFlags: 0
  serializedVersion: 2
  m_OcclusionBakeSettings:
    smallestOccluder: 5
    smallestHole: 0.25
    backfaceThreshold: 100
  m_SceneGUID: 00000000000000000000000000000000
  m_OcclusionCullingData: {fileID: 0}
--- !u!104 &2
RenderSettings:
  m_ObjectHideFlags: 0
  serializedVersion: 9
  m_Fog: 0
  m_FogColor: {r: 0.5, g: 0.5, b: 0.5, a: 1}
  m_FogMode: 3
  m_FogDensity: 0.01
  m_LinearFogStart: 0
  m_LinearFogEnd: 300
  m_AmbientSkyColor: {r: 0.212, g: 0.227, b: 0.259, a: 1}
  m_AmbientEquatorColor: {r: 0.114, g: 0.125, b: 0.133, a: 1}
  m_AmbientGroundColor: {r: 0.047, g: 0.043, b: 0.035, a: 1}
  m_AmbientIntensity: 1
  m_AmbientMode: 0
  m_SubtractiveShadowColor: {r: 0.42, g: 0.478, b: 0.627, a: 1}
  m_SkyboxMaterial: {fileID: 10304, guid: 0000000000000000f000000000000000, type: 0}
  m_HaloStrength: 0.5
  m_FlareStrength: 1
  m_FlareFadeSpeed: 3
  m_HaloTexture: {fileID: 0}
  m_SpotCookie: {fileID: 10001, guid: 0000000000000000e000000000000000, type: 0}
  m_DefaultReflectionMode: 0
  m_DefaultReflectionResolution: 128
  m_ReflectionBounces: 1
  m_ReflectionIntensity: 1
  m_CustomReflection: {fileID: 0}
  m_Sun: {fileID: 0}
  m_IndirectSpecularColor: {r: 0, g: 0, b: 0, a: 1}
  m_UseRadianceAmbientProbe: 0
--- !u!157 &3
LightmapSettings:
  m_ObjectHideFlags: 0
  serializedVersion: 11
  m_GIWorkflowMode: 1
  m_GISettings:
    serializedVersion: 2
    m_BounceScale: 1
    m_IndirectOutputScale: 1
    m_AlbedoBoost: 1
    m_EnvironmentLightingMode: 0
    m_EnableBakedLightmaps: 1
    m_EnableRealtimeLightmaps: 1
  m_LightmapEditorSettings:
    serializedVersion: 12
    m_Resolution: 2
    m_BakeResolution: 40
    m_AtlasSize: 1024
    m_AO: 0
    m_AOMaxDistance: 1
    m_CompAOExponent: 1
    m_CompAOExponentDirect: 0
    m_ExtractAmbientOcclusion: 0
    m_Padding: 2
    m_LightmapParameters: {fileID: 0}
    m_LightmapsBakeMode: 1
    m_TextureCompression: 1
    m_FinalGather: 0
    m_FinalGatherFiltering: 1
    m_FinalGatherRayCount: 256
    m_ReflectionCompression: 2
    m_MixedBakeMode: 2
    m_BakeBackend: 1
    m_PVRSampling: 1
    m_PVRDirectSampleCount: 32
    m_PVRSampleCount: 512
    m_PVRBounces: 2
    m_PVREnvironmentSampleCount: 256
    m_PVREnvironmentReferencePointCount: 2048
    m_PVRFilteringMode: 1
    m_PVRDenoiserTypeDirect: 1
    m_PVRDenoiserTypeIndirect: 1
    m_PVRDenoiserTypeAO: 1
    m_PVRFilterTypeDirect: 0
    m_PVRFilterTypeIndirect: 0
    m_PVRFilterTypeAO: 0
    m_PVREnvironmentMIS: 1
    m_PVRCulling: 1
    m_PVRFilteringGaussRadiusDirect: 1
    m_PVRFilteringGaussRadiusIndirect: 5
    m_PVRFilteringGaussRadiusAO: 2
    m_PVRFilteringAtrousPositionSigmaDirect: 0.5
    m_PVRFilteringAtrousPositionSigmaIndirect: 2
    m_PVRFilteringAtrousPositionSigmaAO: 1
    m_ExportTrainingData: 0
    m_TrainingDataDestination: TrainingData
  m_LightingDataAsset: {fileID: 0}
  m_UseShadowmask: 1
--- !u!196 &4
NavMeshSettings:
  serializedVersion: 2
  m_ObjectHideFlags: 0
  m_BuildSettings:
    serializedVersion: 2
    agentTypeID: 0
    agentRadius: 0.5
    agentHeight: 2
    agentSlope: 45
    agentClimb: 0.4
    ledgeDropHeight: 0
    maxJumpAcrossDistance: 0
    minRegionArea: 2
    manualCellSize: 0
    cellSize: 0.16666667
    manualTileSize: 0
    tileSize: 256
    accuratePlacement: 0
    debug:
      m_Flags: 0
  m_NavMeshData: {fileID: 0}
--- !u!1001 &21940936
PrefabInstance:
  m_ObjectHideFlags: 0
  serializedVersion: 2
  m_Modification:
    m_TransformParent: {fileID: 185399533}
    m_Modifications:
    - target: {fileID: 2555711635130375045, guid: 5074af37db6fcd74d802c110f09ed60b,
        type: 3}
      propertyPath: m_Name
      value: Falling Lamp
      objectReference: {fileID: 0}
    - target: {fileID: 2555711635130375041, guid: 5074af37db6fcd74d802c110f09ed60b,
        type: 3}
      propertyPath: m_LocalPosition.x
      value: 76.4
      objectReference: {fileID: 0}
    - target: {fileID: 2555711635130375041, guid: 5074af37db6fcd74d802c110f09ed60b,
        type: 3}
      propertyPath: m_LocalPosition.y
      value: 1.982438
      objectReference: {fileID: 0}
    - target: {fileID: 2555711635130375041, guid: 5074af37db6fcd74d802c110f09ed60b,
        type: 3}
      propertyPath: m_LocalPosition.z
      value: 0
      objectReference: {fileID: 0}
    - target: {fileID: 2555711635130375041, guid: 5074af37db6fcd74d802c110f09ed60b,
        type: 3}
      propertyPath: m_LocalRotation.x
      value: 0
      objectReference: {fileID: 0}
    - target: {fileID: 2555711635130375041, guid: 5074af37db6fcd74d802c110f09ed60b,
        type: 3}
      propertyPath: m_LocalRotation.y
      value: 0
      objectReference: {fileID: 0}
    - target: {fileID: 2555711635130375041, guid: 5074af37db6fcd74d802c110f09ed60b,
        type: 3}
      propertyPath: m_LocalRotation.z
      value: 0
      objectReference: {fileID: 0}
    - target: {fileID: 2555711635130375041, guid: 5074af37db6fcd74d802c110f09ed60b,
        type: 3}
      propertyPath: m_LocalRotation.w
      value: 1
      objectReference: {fileID: 0}
    - target: {fileID: 2555711635130375041, guid: 5074af37db6fcd74d802c110f09ed60b,
        type: 3}
      propertyPath: m_RootOrder
      value: 3
      objectReference: {fileID: 0}
    - target: {fileID: 2555711635130375041, guid: 5074af37db6fcd74d802c110f09ed60b,
        type: 3}
      propertyPath: m_LocalEulerAnglesHint.x
      value: 0
      objectReference: {fileID: 0}
    - target: {fileID: 2555711635130375041, guid: 5074af37db6fcd74d802c110f09ed60b,
        type: 3}
      propertyPath: m_LocalEulerAnglesHint.y
      value: 0
      objectReference: {fileID: 0}
    - target: {fileID: 2555711635130375041, guid: 5074af37db6fcd74d802c110f09ed60b,
        type: 3}
      propertyPath: m_LocalEulerAnglesHint.z
      value: 0
      objectReference: {fileID: 0}
    m_RemovedComponents: []
  m_SourcePrefab: {fileID: 100100000, guid: 5074af37db6fcd74d802c110f09ed60b, type: 3}
--- !u!4 &21940937 stripped
Transform:
  m_CorrespondingSourceObject: {fileID: 2555711635130375041, guid: 5074af37db6fcd74d802c110f09ed60b,
    type: 3}
  m_PrefabInstance: {fileID: 21940936}
  m_PrefabAsset: {fileID: 0}
--- !u!1001 &157332271
PrefabInstance:
  m_ObjectHideFlags: 0
  serializedVersion: 2
  m_Modification:
    m_TransformParent: {fileID: 185399533}
    m_Modifications:
    - target: {fileID: 3851383153782044983, guid: 8c4bdf949f8828e44bb9445fad266110,
        type: 3}
      propertyPath: m_Name
      value: Deformed Carpet (1)
      objectReference: {fileID: 0}
    - target: {fileID: 3851383153782044979, guid: 8c4bdf949f8828e44bb9445fad266110,
        type: 3}
      propertyPath: m_LocalPosition.x
      value: 101.7
      objectReference: {fileID: 0}
    - target: {fileID: 3851383153782044979, guid: 8c4bdf949f8828e44bb9445fad266110,
        type: 3}
      propertyPath: m_LocalPosition.y
      value: -1.440182
      objectReference: {fileID: 0}
    - target: {fileID: 3851383153782044979, guid: 8c4bdf949f8828e44bb9445fad266110,
        type: 3}
      propertyPath: m_LocalPosition.z
      value: 0
      objectReference: {fileID: 0}
    - target: {fileID: 3851383153782044979, guid: 8c4bdf949f8828e44bb9445fad266110,
        type: 3}
      propertyPath: m_LocalRotation.x
      value: 0
      objectReference: {fileID: 0}
    - target: {fileID: 3851383153782044979, guid: 8c4bdf949f8828e44bb9445fad266110,
        type: 3}
      propertyPath: m_LocalRotation.y
      value: 0
      objectReference: {fileID: 0}
    - target: {fileID: 3851383153782044979, guid: 8c4bdf949f8828e44bb9445fad266110,
        type: 3}
      propertyPath: m_LocalRotation.z
      value: 0
      objectReference: {fileID: 0}
    - target: {fileID: 3851383153782044979, guid: 8c4bdf949f8828e44bb9445fad266110,
        type: 3}
      propertyPath: m_LocalRotation.w
      value: 1
      objectReference: {fileID: 0}
    - target: {fileID: 3851383153782044979, guid: 8c4bdf949f8828e44bb9445fad266110,
        type: 3}
      propertyPath: m_RootOrder
      value: 5
      objectReference: {fileID: 0}
    - target: {fileID: 3851383153782044979, guid: 8c4bdf949f8828e44bb9445fad266110,
        type: 3}
      propertyPath: m_LocalEulerAnglesHint.x
      value: 0
      objectReference: {fileID: 0}
    - target: {fileID: 3851383153782044979, guid: 8c4bdf949f8828e44bb9445fad266110,
        type: 3}
      propertyPath: m_LocalEulerAnglesHint.y
      value: 0
      objectReference: {fileID: 0}
    - target: {fileID: 3851383153782044979, guid: 8c4bdf949f8828e44bb9445fad266110,
        type: 3}
      propertyPath: m_LocalEulerAnglesHint.z
      value: 0
      objectReference: {fileID: 0}
    - target: {fileID: 3851383153782044979, guid: 8c4bdf949f8828e44bb9445fad266110,
        type: 3}
      propertyPath: m_LocalScale.x
      value: 1
      objectReference: {fileID: 0}
    m_RemovedComponents: []
  m_SourcePrefab: {fileID: 100100000, guid: 8c4bdf949f8828e44bb9445fad266110, type: 3}
--- !u!4 &157332272 stripped
Transform:
  m_CorrespondingSourceObject: {fileID: 3851383153782044979, guid: 8c4bdf949f8828e44bb9445fad266110,
    type: 3}
  m_PrefabInstance: {fileID: 157332271}
  m_PrefabAsset: {fileID: 0}
--- !u!1 &185399532
GameObject:
  m_ObjectHideFlags: 0
  m_CorrespondingSourceObject: {fileID: 0}
  m_PrefabInstance: {fileID: 0}
  m_PrefabAsset: {fileID: 0}
  serializedVersion: 6
  m_Component:
  - component: {fileID: 185399533}
  m_Layer: 0
  m_Name: obstacles
  m_TagString: Untagged
  m_Icon: {fileID: 0}
  m_NavMeshLayer: 0
  m_StaticEditorFlags: 0
  m_IsActive: 1
--- !u!4 &185399533
Transform:
  m_ObjectHideFlags: 0
  m_CorrespondingSourceObject: {fileID: 0}
  m_PrefabInstance: {fileID: 0}
  m_PrefabAsset: {fileID: 0}
  m_GameObject: {fileID: 185399532}
  m_LocalRotation: {x: 0, y: 0, z: 0, w: 1}
  m_LocalPosition: {x: 0, y: 0, z: 0}
  m_LocalScale: {x: 1, y: 1, z: 1}
  m_Children:
  - {fileID: 431529362}
  - {fileID: 2072782497}
  - {fileID: 1856731583}
  - {fileID: 21940937}
  - {fileID: 449730314}
  - {fileID: 157332272}
  - {fileID: 543435540}
  - {fileID: 1424813046}
  - {fileID: 1613369240}
  m_Father: {fileID: 0}
  m_RootOrder: 8
  m_LocalEulerAnglesHint: {x: 0, y: 0, z: 0}
--- !u!1 &354706130
GameObject:
  m_ObjectHideFlags: 0
  m_CorrespondingSourceObject: {fileID: 0}
  m_PrefabInstance: {fileID: 0}
  m_PrefabAsset: {fileID: 0}
  serializedVersion: 6
  m_Component:
  - component: {fileID: 354706132}
  - component: {fileID: 354706131}
  m_Layer: 0
  m_Name: Directional Light
  m_TagString: Untagged
  m_Icon: {fileID: 0}
  m_NavMeshLayer: 0
  m_StaticEditorFlags: 0
  m_IsActive: 1
--- !u!108 &354706131
Light:
  m_ObjectHideFlags: 0
  m_CorrespondingSourceObject: {fileID: 0}
  m_PrefabInstance: {fileID: 0}
  m_PrefabAsset: {fileID: 0}
  m_GameObject: {fileID: 354706130}
  m_Enabled: 1
  serializedVersion: 9
  m_Type: 1
  m_Color: {r: 1, g: 0.95686275, b: 0.8392157, a: 1}
  m_Intensity: 1
  m_Range: 10
  m_SpotAngle: 30
  m_InnerSpotAngle: 21.80208
  m_CookieSize: 10
  m_Shadows:
    m_Type: 2
    m_Resolution: -1
    m_CustomResolution: -1
    m_Strength: 1
    m_Bias: 0.05
    m_NormalBias: 0.4
    m_NearPlane: 0.2
    m_CullingMatrixOverride:
      e00: 1
      e01: 0
      e02: 0
      e03: 0
      e10: 0
      e11: 1
      e12: 0
      e13: 0
      e20: 0
      e21: 0
      e22: 1
      e23: 0
      e30: 0
      e31: 0
      e32: 0
      e33: 1
    m_UseCullingMatrixOverride: 0
  m_Cookie: {fileID: 0}
  m_DrawHalo: 0
  m_Flare: {fileID: 0}
  m_RenderMode: 0
  m_CullingMask:
    serializedVersion: 2
    m_Bits: 4294967295
  m_RenderingLayerMask: 1
  m_Lightmapping: 4
  m_LightShadowCasterMode: 0
  m_AreaSize: {x: 1, y: 1}
  m_BounceIntensity: 1
  m_ColorTemperature: 6570
  m_UseColorTemperature: 0
  m_BoundingSphereOverride: {x: 0, y: 0, z: 0, w: 0}
  m_UseBoundingSphereOverride: 0
  m_ShadowRadius: 0
  m_ShadowAngle: 0
--- !u!4 &354706132
Transform:
  m_ObjectHideFlags: 0
  m_CorrespondingSourceObject: {fileID: 0}
  m_PrefabInstance: {fileID: 0}
  m_PrefabAsset: {fileID: 0}
  m_GameObject: {fileID: 354706130}
  m_LocalRotation: {x: 0.40821788, y: -0.23456968, z: 0.10938163, w: 0.8754261}
  m_LocalPosition: {x: 0, y: 3, z: 0}
  m_LocalScale: {x: 1, y: 1, z: 1}
  m_Children: []
  m_Father: {fileID: 0}
  m_RootOrder: 0
  m_LocalEulerAnglesHint: {x: 50, y: -30, z: 0}
--- !u!1001 &373254414
PrefabInstance:
  m_ObjectHideFlags: 0
  serializedVersion: 2
  m_Modification:
    m_TransformParent: {fileID: 0}
    m_Modifications:
    - target: {fileID: 2670087490987904629, guid: fa8e6ea21719b49469bea3af17a76492,
        type: 3}
      propertyPath: m_Name
      value: '[Background]'
      objectReference: {fileID: 0}
    - target: {fileID: 2670087490987904634, guid: fa8e6ea21719b49469bea3af17a76492,
        type: 3}
      propertyPath: m_LocalPosition.x
      value: 6
      objectReference: {fileID: 0}
    - target: {fileID: 2670087490987904634, guid: fa8e6ea21719b49469bea3af17a76492,
        type: 3}
      propertyPath: m_LocalPosition.y
      value: 0
      objectReference: {fileID: 0}
    - target: {fileID: 2670087490987904634, guid: fa8e6ea21719b49469bea3af17a76492,
        type: 3}
      propertyPath: m_LocalPosition.z
      value: 0.01
      objectReference: {fileID: 0}
    - target: {fileID: 2670087490987904634, guid: fa8e6ea21719b49469bea3af17a76492,
        type: 3}
      propertyPath: m_LocalRotation.x
      value: 0
      objectReference: {fileID: 0}
    - target: {fileID: 2670087490987904634, guid: fa8e6ea21719b49469bea3af17a76492,
        type: 3}
      propertyPath: m_LocalRotation.y
      value: 0
      objectReference: {fileID: 0}
    - target: {fileID: 2670087490987904634, guid: fa8e6ea21719b49469bea3af17a76492,
        type: 3}
      propertyPath: m_LocalRotation.z
      value: 0
      objectReference: {fileID: 0}
    - target: {fileID: 2670087490987904634, guid: fa8e6ea21719b49469bea3af17a76492,
        type: 3}
      propertyPath: m_LocalRotation.w
      value: 1
      objectReference: {fileID: 0}
    - target: {fileID: 2670087490987904634, guid: fa8e6ea21719b49469bea3af17a76492,
        type: 3}
      propertyPath: m_RootOrder
      value: 1
      objectReference: {fileID: 0}
    - target: {fileID: 2670087490987904634, guid: fa8e6ea21719b49469bea3af17a76492,
        type: 3}
      propertyPath: m_LocalEulerAnglesHint.x
      value: 0
      objectReference: {fileID: 0}
    - target: {fileID: 2670087490987904634, guid: fa8e6ea21719b49469bea3af17a76492,
        type: 3}
      propertyPath: m_LocalEulerAnglesHint.y
      value: 0
      objectReference: {fileID: 0}
    - target: {fileID: 2670087490987904634, guid: fa8e6ea21719b49469bea3af17a76492,
        type: 3}
      propertyPath: m_LocalEulerAnglesHint.z
      value: 0
      objectReference: {fileID: 0}
    - target: {fileID: 2670087490987904635, guid: fa8e6ea21719b49469bea3af17a76492,
        type: 3}
      propertyPath: _wc
      value: 
      objectReference: {fileID: 0}
    - target: {fileID: 2670087490987904635, guid: fa8e6ea21719b49469bea3af17a76492,
        type: 3}
      propertyPath: _followedObject
      value: 
      objectReference: {fileID: 1081278625}
    m_RemovedComponents: []
  m_SourcePrefab: {fileID: 100100000, guid: fa8e6ea21719b49469bea3af17a76492, type: 3}
--- !u!4 &431529362 stripped
Transform:
  m_CorrespondingSourceObject: {fileID: 8590634247997601358, guid: 4922b105dd926a0439ec013957786fd2,
    type: 3}
  m_PrefabInstance: {fileID: 1819098288}
  m_PrefabAsset: {fileID: 0}
--- !u!1001 &449730313
PrefabInstance:
  m_ObjectHideFlags: 0
  serializedVersion: 2
  m_Modification:
    m_TransformParent: {fileID: 185399533}
    m_Modifications:
    - target: {fileID: 3851383153782044983, guid: 8c4bdf949f8828e44bb9445fad266110,
        type: 3}
      propertyPath: m_Name
      value: Deformed Carpet
      objectReference: {fileID: 0}
    - target: {fileID: 3851383153782044979, guid: 8c4bdf949f8828e44bb9445fad266110,
        type: 3}
      propertyPath: m_LocalPosition.x
      value: 45.7
      objectReference: {fileID: 0}
    - target: {fileID: 3851383153782044979, guid: 8c4bdf949f8828e44bb9445fad266110,
        type: 3}
      propertyPath: m_LocalPosition.y
      value: -1.440182
      objectReference: {fileID: 0}
    - target: {fileID: 3851383153782044979, guid: 8c4bdf949f8828e44bb9445fad266110,
        type: 3}
      propertyPath: m_LocalPosition.z
      value: 0
      objectReference: {fileID: 0}
    - target: {fileID: 3851383153782044979, guid: 8c4bdf949f8828e44bb9445fad266110,
        type: 3}
      propertyPath: m_LocalRotation.x
      value: 0
      objectReference: {fileID: 0}
    - target: {fileID: 3851383153782044979, guid: 8c4bdf949f8828e44bb9445fad266110,
        type: 3}
      propertyPath: m_LocalRotation.y
      value: 0
      objectReference: {fileID: 0}
    - target: {fileID: 3851383153782044979, guid: 8c4bdf949f8828e44bb9445fad266110,
        type: 3}
      propertyPath: m_LocalRotation.z
      value: 0
      objectReference: {fileID: 0}
    - target: {fileID: 3851383153782044979, guid: 8c4bdf949f8828e44bb9445fad266110,
        type: 3}
      propertyPath: m_LocalRotation.w
      value: 1
      objectReference: {fileID: 0}
    - target: {fileID: 3851383153782044979, guid: 8c4bdf949f8828e44bb9445fad266110,
        type: 3}
      propertyPath: m_RootOrder
      value: 4
      objectReference: {fileID: 0}
    - target: {fileID: 3851383153782044979, guid: 8c4bdf949f8828e44bb9445fad266110,
        type: 3}
      propertyPath: m_LocalEulerAnglesHint.x
      value: 0
      objectReference: {fileID: 0}
    - target: {fileID: 3851383153782044979, guid: 8c4bdf949f8828e44bb9445fad266110,
        type: 3}
      propertyPath: m_LocalEulerAnglesHint.y
      value: 0
      objectReference: {fileID: 0}
    - target: {fileID: 3851383153782044979, guid: 8c4bdf949f8828e44bb9445fad266110,
        type: 3}
      propertyPath: m_LocalEulerAnglesHint.z
      value: 0
      objectReference: {fileID: 0}
    - target: {fileID: 3851383153782044979, guid: 8c4bdf949f8828e44bb9445fad266110,
        type: 3}
      propertyPath: m_LocalScale.x
      value: 1
      objectReference: {fileID: 0}
    m_RemovedComponents: []
  m_SourcePrefab: {fileID: 100100000, guid: 8c4bdf949f8828e44bb9445fad266110, type: 3}
--- !u!4 &449730314 stripped
Transform:
  m_CorrespondingSourceObject: {fileID: 3851383153782044979, guid: 8c4bdf949f8828e44bb9445fad266110,
    type: 3}
  m_PrefabInstance: {fileID: 449730313}
  m_PrefabAsset: {fileID: 0}
--- !u!1001 &543435539
PrefabInstance:
  m_ObjectHideFlags: 0
  serializedVersion: 2
  m_Modification:
    m_TransformParent: {fileID: 185399533}
    m_Modifications:
    - target: {fileID: 2555711635130375045, guid: 5074af37db6fcd74d802c110f09ed60b,
        type: 3}
      propertyPath: m_Name
      value: Falling Lamp (1)
      objectReference: {fileID: 0}
    - target: {fileID: 2555711635130375041, guid: 5074af37db6fcd74d802c110f09ed60b,
        type: 3}
      propertyPath: m_LocalPosition.x
      value: 23.1
      objectReference: {fileID: 0}
    - target: {fileID: 2555711635130375041, guid: 5074af37db6fcd74d802c110f09ed60b,
        type: 3}
      propertyPath: m_LocalPosition.y
      value: 1.982438
      objectReference: {fileID: 0}
    - target: {fileID: 2555711635130375041, guid: 5074af37db6fcd74d802c110f09ed60b,
        type: 3}
      propertyPath: m_LocalPosition.z
      value: 0
      objectReference: {fileID: 0}
    - target: {fileID: 2555711635130375041, guid: 5074af37db6fcd74d802c110f09ed60b,
        type: 3}
      propertyPath: m_LocalRotation.x
      value: 0
      objectReference: {fileID: 0}
    - target: {fileID: 2555711635130375041, guid: 5074af37db6fcd74d802c110f09ed60b,
        type: 3}
      propertyPath: m_LocalRotation.y
      value: 0
      objectReference: {fileID: 0}
    - target: {fileID: 2555711635130375041, guid: 5074af37db6fcd74d802c110f09ed60b,
        type: 3}
      propertyPath: m_LocalRotation.z
      value: 0
      objectReference: {fileID: 0}
    - target: {fileID: 2555711635130375041, guid: 5074af37db6fcd74d802c110f09ed60b,
        type: 3}
      propertyPath: m_LocalRotation.w
      value: 1
      objectReference: {fileID: 0}
    - target: {fileID: 2555711635130375041, guid: 5074af37db6fcd74d802c110f09ed60b,
        type: 3}
      propertyPath: m_RootOrder
      value: 6
      objectReference: {fileID: 0}
    - target: {fileID: 2555711635130375041, guid: 5074af37db6fcd74d802c110f09ed60b,
        type: 3}
      propertyPath: m_LocalEulerAnglesHint.x
      value: 0
      objectReference: {fileID: 0}
    - target: {fileID: 2555711635130375041, guid: 5074af37db6fcd74d802c110f09ed60b,
        type: 3}
      propertyPath: m_LocalEulerAnglesHint.y
      value: 0
      objectReference: {fileID: 0}
    - target: {fileID: 2555711635130375041, guid: 5074af37db6fcd74d802c110f09ed60b,
        type: 3}
      propertyPath: m_LocalEulerAnglesHint.z
      value: 0
      objectReference: {fileID: 0}
    m_RemovedComponents: []
  m_SourcePrefab: {fileID: 100100000, guid: 5074af37db6fcd74d802c110f09ed60b, type: 3}
--- !u!4 &543435540 stripped
Transform:
  m_CorrespondingSourceObject: {fileID: 2555711635130375041, guid: 5074af37db6fcd74d802c110f09ed60b,
    type: 3}
  m_PrefabInstance: {fileID: 543435539}
  m_PrefabAsset: {fileID: 0}
--- !u!1001 &620356463
PrefabInstance:
  m_ObjectHideFlags: 0
  serializedVersion: 2
  m_Modification:
    m_TransformParent: {fileID: 1615081019}
    m_Modifications:
    - target: {fileID: 5459724748856354722, guid: 0a4710f337bbfa849a13baad2c1390f7,
        type: 3}
      propertyPath: m_Name
      value: doorClosed (1)
      objectReference: {fileID: 0}
    - target: {fileID: 2571514169739056661, guid: 0a4710f337bbfa849a13baad2c1390f7,
        type: 3}
      propertyPath: m_LocalPosition.x
      value: 34.8
      objectReference: {fileID: 0}
    - target: {fileID: 2571514169739056661, guid: 0a4710f337bbfa849a13baad2c1390f7,
        type: 3}
      propertyPath: m_LocalPosition.y
      value: 2.65
      objectReference: {fileID: 0}
    - target: {fileID: 2571514169739056661, guid: 0a4710f337bbfa849a13baad2c1390f7,
        type: 3}
      propertyPath: m_LocalPosition.z
      value: 0
      objectReference: {fileID: 0}
    - target: {fileID: 2571514169739056661, guid: 0a4710f337bbfa849a13baad2c1390f7,
        type: 3}
      propertyPath: m_LocalRotation.x
      value: -0
      objectReference: {fileID: 0}
    - target: {fileID: 2571514169739056661, guid: 0a4710f337bbfa849a13baad2c1390f7,
        type: 3}
      propertyPath: m_LocalRotation.y
      value: -0
      objectReference: {fileID: 0}
    - target: {fileID: 2571514169739056661, guid: 0a4710f337bbfa849a13baad2c1390f7,
        type: 3}
      propertyPath: m_LocalRotation.z
      value: -0
      objectReference: {fileID: 0}
    - target: {fileID: 2571514169739056661, guid: 0a4710f337bbfa849a13baad2c1390f7,
        type: 3}
      propertyPath: m_LocalRotation.w
      value: 1
      objectReference: {fileID: 0}
    - target: {fileID: 2571514169739056661, guid: 0a4710f337bbfa849a13baad2c1390f7,
        type: 3}
      propertyPath: m_RootOrder
      value: 1
      objectReference: {fileID: 0}
    - target: {fileID: 2571514169739056661, guid: 0a4710f337bbfa849a13baad2c1390f7,
        type: 3}
      propertyPath: m_LocalEulerAnglesHint.x
      value: 0
      objectReference: {fileID: 0}
    - target: {fileID: 2571514169739056661, guid: 0a4710f337bbfa849a13baad2c1390f7,
        type: 3}
      propertyPath: m_LocalEulerAnglesHint.y
      value: 0
      objectReference: {fileID: 0}
    - target: {fileID: 2571514169739056661, guid: 0a4710f337bbfa849a13baad2c1390f7,
        type: 3}
      propertyPath: m_LocalEulerAnglesHint.z
      value: 0
      objectReference: {fileID: 0}
    m_RemovedComponents: []
  m_SourcePrefab: {fileID: 100100000, guid: 0a4710f337bbfa849a13baad2c1390f7, type: 3}
--- !u!1001 &705784473
PrefabInstance:
  m_ObjectHideFlags: 0
  serializedVersion: 2
  m_Modification:
    m_TransformParent: {fileID: 1615081019}
    m_Modifications:
    - target: {fileID: 5459724748856354722, guid: 0a4710f337bbfa849a13baad2c1390f7,
        type: 3}
      propertyPath: m_Name
      value: doorClosed (2)
      objectReference: {fileID: 0}
    - target: {fileID: 2571514169739056661, guid: 0a4710f337bbfa849a13baad2c1390f7,
        type: 3}
      propertyPath: m_LocalPosition.x
      value: 86.9
      objectReference: {fileID: 0}
    - target: {fileID: 2571514169739056661, guid: 0a4710f337bbfa849a13baad2c1390f7,
        type: 3}
      propertyPath: m_LocalPosition.y
      value: 2.65
      objectReference: {fileID: 0}
    - target: {fileID: 2571514169739056661, guid: 0a4710f337bbfa849a13baad2c1390f7,
        type: 3}
      propertyPath: m_LocalPosition.z
      value: 0
      objectReference: {fileID: 0}
    - target: {fileID: 2571514169739056661, guid: 0a4710f337bbfa849a13baad2c1390f7,
        type: 3}
      propertyPath: m_LocalRotation.x
      value: -0
      objectReference: {fileID: 0}
    - target: {fileID: 2571514169739056661, guid: 0a4710f337bbfa849a13baad2c1390f7,
        type: 3}
      propertyPath: m_LocalRotation.y
      value: -0
      objectReference: {fileID: 0}
    - target: {fileID: 2571514169739056661, guid: 0a4710f337bbfa849a13baad2c1390f7,
        type: 3}
      propertyPath: m_LocalRotation.z
      value: -0
      objectReference: {fileID: 0}
    - target: {fileID: 2571514169739056661, guid: 0a4710f337bbfa849a13baad2c1390f7,
        type: 3}
      propertyPath: m_LocalRotation.w
      value: 1
      objectReference: {fileID: 0}
    - target: {fileID: 2571514169739056661, guid: 0a4710f337bbfa849a13baad2c1390f7,
        type: 3}
      propertyPath: m_RootOrder
      value: 2
      objectReference: {fileID: 0}
    - target: {fileID: 2571514169739056661, guid: 0a4710f337bbfa849a13baad2c1390f7,
        type: 3}
      propertyPath: m_LocalEulerAnglesHint.x
      value: 0
      objectReference: {fileID: 0}
    - target: {fileID: 2571514169739056661, guid: 0a4710f337bbfa849a13baad2c1390f7,
        type: 3}
      propertyPath: m_LocalEulerAnglesHint.y
      value: 0
      objectReference: {fileID: 0}
    - target: {fileID: 2571514169739056661, guid: 0a4710f337bbfa849a13baad2c1390f7,
        type: 3}
      propertyPath: m_LocalEulerAnglesHint.z
      value: 0
      objectReference: {fileID: 0}
    m_RemovedComponents: []
  m_SourcePrefab: {fileID: 100100000, guid: 0a4710f337bbfa849a13baad2c1390f7, type: 3}
--- !u!1001 &728219183
PrefabInstance:
  m_ObjectHideFlags: 0
  serializedVersion: 2
  m_Modification:
    m_TransformParent: {fileID: 0}
    m_Modifications:
    - target: {fileID: 4279943491333312505, guid: f0d74e935b9c3ba48947d0d42f13b40e,
        type: 3}
      propertyPath: m_Name
      value: EndScreen
      objectReference: {fileID: 0}
    - target: {fileID: 4279943491333312485, guid: f0d74e935b9c3ba48947d0d42f13b40e,
        type: 3}
      propertyPath: m_LocalPosition.x
      value: 0
      objectReference: {fileID: 0}
    - target: {fileID: 4279943491333312485, guid: f0d74e935b9c3ba48947d0d42f13b40e,
        type: 3}
      propertyPath: m_LocalPosition.y
      value: 0
      objectReference: {fileID: 0}
    - target: {fileID: 4279943491333312485, guid: f0d74e935b9c3ba48947d0d42f13b40e,
        type: 3}
      propertyPath: m_LocalPosition.z
      value: 0
      objectReference: {fileID: 0}
    - target: {fileID: 4279943491333312485, guid: f0d74e935b9c3ba48947d0d42f13b40e,
        type: 3}
      propertyPath: m_LocalRotation.x
      value: 0
      objectReference: {fileID: 0}
    - target: {fileID: 4279943491333312485, guid: f0d74e935b9c3ba48947d0d42f13b40e,
        type: 3}
      propertyPath: m_LocalRotation.y
      value: 0
      objectReference: {fileID: 0}
    - target: {fileID: 4279943491333312485, guid: f0d74e935b9c3ba48947d0d42f13b40e,
        type: 3}
      propertyPath: m_LocalRotation.z
      value: 0
      objectReference: {fileID: 0}
    - target: {fileID: 4279943491333312485, guid: f0d74e935b9c3ba48947d0d42f13b40e,
        type: 3}
      propertyPath: m_LocalRotation.w
      value: 1
      objectReference: {fileID: 0}
    - target: {fileID: 4279943491333312485, guid: f0d74e935b9c3ba48947d0d42f13b40e,
        type: 3}
      propertyPath: m_RootOrder
      value: 5
      objectReference: {fileID: 0}
    - target: {fileID: 4279943491333312485, guid: f0d74e935b9c3ba48947d0d42f13b40e,
        type: 3}
      propertyPath: m_LocalEulerAnglesHint.x
      value: 0
      objectReference: {fileID: 0}
    - target: {fileID: 4279943491333312485, guid: f0d74e935b9c3ba48947d0d42f13b40e,
        type: 3}
      propertyPath: m_LocalEulerAnglesHint.y
      value: 0
      objectReference: {fileID: 0}
    - target: {fileID: 4279943491333312485, guid: f0d74e935b9c3ba48947d0d42f13b40e,
        type: 3}
      propertyPath: m_LocalEulerAnglesHint.z
      value: 0
      objectReference: {fileID: 0}
    - target: {fileID: 4279943491333312485, guid: f0d74e935b9c3ba48947d0d42f13b40e,
        type: 3}
      propertyPath: m_AnchoredPosition.x
      value: 0
      objectReference: {fileID: 0}
    - target: {fileID: 4279943491333312485, guid: f0d74e935b9c3ba48947d0d42f13b40e,
        type: 3}
      propertyPath: m_AnchoredPosition.y
      value: 0
      objectReference: {fileID: 0}
    - target: {fileID: 4279943491333312485, guid: f0d74e935b9c3ba48947d0d42f13b40e,
        type: 3}
      propertyPath: m_SizeDelta.x
      value: 0
      objectReference: {fileID: 0}
    - target: {fileID: 4279943491333312485, guid: f0d74e935b9c3ba48947d0d42f13b40e,
        type: 3}
      propertyPath: m_SizeDelta.y
      value: 0
      objectReference: {fileID: 0}
    - target: {fileID: 4279943491333312485, guid: f0d74e935b9c3ba48947d0d42f13b40e,
        type: 3}
      propertyPath: m_AnchorMin.x
      value: 0
      objectReference: {fileID: 0}
    - target: {fileID: 4279943491333312485, guid: f0d74e935b9c3ba48947d0d42f13b40e,
        type: 3}
      propertyPath: m_AnchorMin.y
      value: 0
      objectReference: {fileID: 0}
    - target: {fileID: 4279943491333312485, guid: f0d74e935b9c3ba48947d0d42f13b40e,
        type: 3}
      propertyPath: m_AnchorMax.x
      value: 0
      objectReference: {fileID: 0}
    - target: {fileID: 4279943491333312485, guid: f0d74e935b9c3ba48947d0d42f13b40e,
        type: 3}
      propertyPath: m_AnchorMax.y
      value: 0
      objectReference: {fileID: 0}
    - target: {fileID: 4279943491333312485, guid: f0d74e935b9c3ba48947d0d42f13b40e,
        type: 3}
      propertyPath: m_Pivot.x
      value: 0
      objectReference: {fileID: 0}
    - target: {fileID: 4279943491333312485, guid: f0d74e935b9c3ba48947d0d42f13b40e,
        type: 3}
      propertyPath: m_Pivot.y
      value: 0
      objectReference: {fileID: 0}
    - target: {fileID: 4279943491590511324, guid: f0d74e935b9c3ba48947d0d42f13b40e,
        type: 3}
      propertyPath: m_IsActive
      value: 0
      objectReference: {fileID: 0}
    - target: {fileID: 4279943491660034922, guid: f0d74e935b9c3ba48947d0d42f13b40e,
        type: 3}
      propertyPath: m_AnchoredPosition.x
      value: 1.0498047
      objectReference: {fileID: 0}
    - target: {fileID: 4279943491660034922, guid: f0d74e935b9c3ba48947d0d42f13b40e,
        type: 3}
      propertyPath: m_AnchoredPosition.y
      value: 1.0539856
      objectReference: {fileID: 0}
    - target: {fileID: 246344350485844136, guid: f0d74e935b9c3ba48947d0d42f13b40e,
        type: 3}
      propertyPath: m_AnchoredPosition.x
      value: 0.953125
      objectReference: {fileID: 0}
    - target: {fileID: 7725227461411595563, guid: f0d74e935b9c3ba48947d0d42f13b40e,
        type: 3}
      propertyPath: m_AnchoredPosition.x
      value: 1.0498047
      objectReference: {fileID: 0}
    - target: {fileID: 7725227461411595563, guid: f0d74e935b9c3ba48947d0d42f13b40e,
        type: 3}
      propertyPath: m_AnchoredPosition.y
      value: 1.0800171
      objectReference: {fileID: 0}
    - target: {fileID: 2903228420515206614, guid: f0d74e935b9c3ba48947d0d42f13b40e,
        type: 3}
      propertyPath: m_AnchoredPosition.y
      value: 0.6749916
      objectReference: {fileID: 0}
    - target: {fileID: 9157443001072349685, guid: f0d74e935b9c3ba48947d0d42f13b40e,
        type: 3}
      propertyPath: m_textInfo.characterCount
      value: 0
      objectReference: {fileID: 0}
    - target: {fileID: 9157443001072349685, guid: f0d74e935b9c3ba48947d0d42f13b40e,
        type: 3}
      propertyPath: m_textInfo.spaceCount
      value: 0
      objectReference: {fileID: 0}
    - target: {fileID: 9157443001072349685, guid: f0d74e935b9c3ba48947d0d42f13b40e,
        type: 3}
      propertyPath: m_textInfo.wordCount
      value: 0
      objectReference: {fileID: 0}
    - target: {fileID: 9157443001072349685, guid: f0d74e935b9c3ba48947d0d42f13b40e,
        type: 3}
      propertyPath: m_textInfo.lineCount
      value: 0
      objectReference: {fileID: 0}
    - target: {fileID: 9157443001072349685, guid: f0d74e935b9c3ba48947d0d42f13b40e,
        type: 3}
      propertyPath: m_textInfo.pageCount
      value: 0
      objectReference: {fileID: 0}
    - target: {fileID: 4279943489735891961, guid: f0d74e935b9c3ba48947d0d42f13b40e,
        type: 3}
      propertyPath: m_textInfo.characterCount
      value: 0
      objectReference: {fileID: 0}
    - target: {fileID: 4279943489735891961, guid: f0d74e935b9c3ba48947d0d42f13b40e,
        type: 3}
      propertyPath: m_textInfo.spaceCount
      value: 0
      objectReference: {fileID: 0}
    - target: {fileID: 4279943489735891961, guid: f0d74e935b9c3ba48947d0d42f13b40e,
        type: 3}
      propertyPath: m_textInfo.wordCount
      value: 0
      objectReference: {fileID: 0}
    - target: {fileID: 4279943489735891961, guid: f0d74e935b9c3ba48947d0d42f13b40e,
        type: 3}
      propertyPath: m_textInfo.lineCount
      value: 0
      objectReference: {fileID: 0}
    - target: {fileID: 4279943489735891961, guid: f0d74e935b9c3ba48947d0d42f13b40e,
        type: 3}
      propertyPath: m_textInfo.pageCount
      value: 0
      objectReference: {fileID: 0}
    m_RemovedComponents: []
  m_SourcePrefab: {fileID: 100100000, guid: f0d74e935b9c3ba48947d0d42f13b40e, type: 3}
--- !u!114 &941585127 stripped
MonoBehaviour:
  m_CorrespondingSourceObject: {fileID: 4279943491333312487, guid: f0d74e935b9c3ba48947d0d42f13b40e,
    type: 3}
  m_PrefabInstance: {fileID: 728219183}
  m_PrefabAsset: {fileID: 0}
  m_GameObject: {fileID: 0}
  m_Enabled: 1
  m_EditorHideFlags: 0
  m_Script: {fileID: 11500000, guid: 0765c3fb3e6cdf4438ded014b5524cbb, type: 3}
  m_Name: 
  m_EditorClassIdentifier: 
--- !u!1001 &1024383345
PrefabInstance:
  m_ObjectHideFlags: 0
  serializedVersion: 2
  m_Modification:
    m_TransformParent: {fileID: 0}
    m_Modifications:
    - target: {fileID: 8212312008164542511, guid: d39a0ddc344d315438504587f396ad7b,
        type: 3}
      propertyPath: m_Name
      value: MusicManager
      objectReference: {fileID: 0}
    - target: {fileID: 8212312008164542508, guid: d39a0ddc344d315438504587f396ad7b,
        type: 3}
      propertyPath: m_LocalPosition.x
      value: 62.297455
      objectReference: {fileID: 0}
    - target: {fileID: 8212312008164542508, guid: d39a0ddc344d315438504587f396ad7b,
        type: 3}
      propertyPath: m_LocalPosition.y
      value: -1.3573601
      objectReference: {fileID: 0}
    - target: {fileID: 8212312008164542508, guid: d39a0ddc344d315438504587f396ad7b,
        type: 3}
      propertyPath: m_LocalPosition.z
      value: -1.4329481
      objectReference: {fileID: 0}
    - target: {fileID: 8212312008164542508, guid: d39a0ddc344d315438504587f396ad7b,
        type: 3}
      propertyPath: m_LocalRotation.x
      value: 0
      objectReference: {fileID: 0}
    - target: {fileID: 8212312008164542508, guid: d39a0ddc344d315438504587f396ad7b,
        type: 3}
      propertyPath: m_LocalRotation.y
      value: 0
      objectReference: {fileID: 0}
    - target: {fileID: 8212312008164542508, guid: d39a0ddc344d315438504587f396ad7b,
        type: 3}
      propertyPath: m_LocalRotation.z
      value: 0
      objectReference: {fileID: 0}
    - target: {fileID: 8212312008164542508, guid: d39a0ddc344d315438504587f396ad7b,
        type: 3}
      propertyPath: m_LocalRotation.w
      value: 1
      objectReference: {fileID: 0}
    - target: {fileID: 8212312008164542508, guid: d39a0ddc344d315438504587f396ad7b,
        type: 3}
      propertyPath: m_RootOrder
      value: 10
      objectReference: {fileID: 0}
    - target: {fileID: 8212312008164542508, guid: d39a0ddc344d315438504587f396ad7b,
        type: 3}
      propertyPath: m_LocalEulerAnglesHint.x
      value: 0
      objectReference: {fileID: 0}
    - target: {fileID: 8212312008164542508, guid: d39a0ddc344d315438504587f396ad7b,
        type: 3}
      propertyPath: m_LocalEulerAnglesHint.y
      value: 0
      objectReference: {fileID: 0}
    - target: {fileID: 8212312008164542508, guid: d39a0ddc344d315438504587f396ad7b,
        type: 3}
      propertyPath: m_LocalEulerAnglesHint.z
      value: 0
      objectReference: {fileID: 0}
    m_RemovedComponents: []
  m_SourcePrefab: {fileID: 100100000, guid: d39a0ddc344d315438504587f396ad7b, type: 3}
--- !u!114 &1024383346 stripped
MonoBehaviour:
  m_CorrespondingSourceObject: {fileID: 8212312008164542510, guid: d39a0ddc344d315438504587f396ad7b,
    type: 3}
  m_PrefabInstance: {fileID: 1024383345}
  m_PrefabAsset: {fileID: 0}
  m_GameObject: {fileID: 0}
  m_Enabled: 1
  m_EditorHideFlags: 0
  m_Script: {fileID: 11500000, guid: 39d84f4aebae1b042962148bb197fff9, type: 3}
  m_Name: 
  m_EditorClassIdentifier: 
--- !u!1001 &1056366191
PrefabInstance:
  m_ObjectHideFlags: 0
  serializedVersion: 2
  m_Modification:
    m_TransformParent: {fileID: 0}
    m_Modifications:
    - target: {fileID: 2663290710215963674, guid: 6506663c219daba4daa22ead9e8bd5fe,
        type: 3}
      propertyPath: m_Name
      value: '[UI]'
      objectReference: {fileID: 0}
    - target: {fileID: 2663290710215963686, guid: 6506663c219daba4daa22ead9e8bd5fe,
        type: 3}
      propertyPath: m_LocalPosition.x
      value: 0
      objectReference: {fileID: 0}
    - target: {fileID: 2663290710215963686, guid: 6506663c219daba4daa22ead9e8bd5fe,
        type: 3}
      propertyPath: m_LocalPosition.y
      value: 0
      objectReference: {fileID: 0}
    - target: {fileID: 2663290710215963686, guid: 6506663c219daba4daa22ead9e8bd5fe,
        type: 3}
      propertyPath: m_LocalPosition.z
      value: 0
      objectReference: {fileID: 0}
    - target: {fileID: 2663290710215963686, guid: 6506663c219daba4daa22ead9e8bd5fe,
        type: 3}
      propertyPath: m_LocalRotation.x
      value: 0
      objectReference: {fileID: 0}
    - target: {fileID: 2663290710215963686, guid: 6506663c219daba4daa22ead9e8bd5fe,
        type: 3}
      propertyPath: m_LocalRotation.y
      value: 0
      objectReference: {fileID: 0}
    - target: {fileID: 2663290710215963686, guid: 6506663c219daba4daa22ead9e8bd5fe,
        type: 3}
      propertyPath: m_LocalRotation.z
      value: 0
      objectReference: {fileID: 0}
    - target: {fileID: 2663290710215963686, guid: 6506663c219daba4daa22ead9e8bd5fe,
        type: 3}
      propertyPath: m_LocalRotation.w
      value: 1
      objectReference: {fileID: 0}
    - target: {fileID: 2663290710215963686, guid: 6506663c219daba4daa22ead9e8bd5fe,
        type: 3}
      propertyPath: m_RootOrder
      value: 4
      objectReference: {fileID: 0}
    - target: {fileID: 2663290710215963686, guid: 6506663c219daba4daa22ead9e8bd5fe,
        type: 3}
      propertyPath: m_LocalEulerAnglesHint.x
      value: 0
      objectReference: {fileID: 0}
    - target: {fileID: 2663290710215963686, guid: 6506663c219daba4daa22ead9e8bd5fe,
        type: 3}
      propertyPath: m_LocalEulerAnglesHint.y
      value: 0
      objectReference: {fileID: 0}
    - target: {fileID: 2663290710215963686, guid: 6506663c219daba4daa22ead9e8bd5fe,
        type: 3}
      propertyPath: m_LocalEulerAnglesHint.z
      value: 0
      objectReference: {fileID: 0}
    - target: {fileID: 2663290710215963686, guid: 6506663c219daba4daa22ead9e8bd5fe,
        type: 3}
      propertyPath: m_AnchoredPosition.x
      value: 0
      objectReference: {fileID: 0}
    - target: {fileID: 2663290710215963686, guid: 6506663c219daba4daa22ead9e8bd5fe,
        type: 3}
      propertyPath: m_AnchoredPosition.y
      value: 0
      objectReference: {fileID: 0}
    - target: {fileID: 2663290710215963686, guid: 6506663c219daba4daa22ead9e8bd5fe,
        type: 3}
      propertyPath: m_SizeDelta.x
      value: 0
      objectReference: {fileID: 0}
    - target: {fileID: 2663290710215963686, guid: 6506663c219daba4daa22ead9e8bd5fe,
        type: 3}
      propertyPath: m_SizeDelta.y
      value: 0
      objectReference: {fileID: 0}
    - target: {fileID: 2663290710215963686, guid: 6506663c219daba4daa22ead9e8bd5fe,
        type: 3}
      propertyPath: m_AnchorMin.x
      value: 0
      objectReference: {fileID: 0}
    - target: {fileID: 2663290710215963686, guid: 6506663c219daba4daa22ead9e8bd5fe,
        type: 3}
      propertyPath: m_AnchorMin.y
      value: 0
      objectReference: {fileID: 0}
    - target: {fileID: 2663290710215963686, guid: 6506663c219daba4daa22ead9e8bd5fe,
        type: 3}
      propertyPath: m_AnchorMax.x
      value: 0
      objectReference: {fileID: 0}
    - target: {fileID: 2663290710215963686, guid: 6506663c219daba4daa22ead9e8bd5fe,
        type: 3}
      propertyPath: m_AnchorMax.y
      value: 0
      objectReference: {fileID: 0}
    - target: {fileID: 2663290710215963686, guid: 6506663c219daba4daa22ead9e8bd5fe,
        type: 3}
      propertyPath: m_Pivot.x
      value: 0
      objectReference: {fileID: 0}
    - target: {fileID: 2663290710215963686, guid: 6506663c219daba4daa22ead9e8bd5fe,
        type: 3}
      propertyPath: m_Pivot.y
      value: 0
      objectReference: {fileID: 0}
    - target: {fileID: 2663290710215963687, guid: 6506663c219daba4daa22ead9e8bd5fe,
        type: 3}
      propertyPath: m_Camera
      value: 
      objectReference: {fileID: 1156024611}
    - target: {fileID: 4784758921321202412, guid: 6506663c219daba4daa22ead9e8bd5fe,
        type: 3}
      propertyPath: m_textInfo.characterCount
      value: 0
      objectReference: {fileID: 0}
    - target: {fileID: 4784758921321202412, guid: 6506663c219daba4daa22ead9e8bd5fe,
        type: 3}
      propertyPath: m_textInfo.spaceCount
      value: 0
      objectReference: {fileID: 0}
    - target: {fileID: 4784758921321202412, guid: 6506663c219daba4daa22ead9e8bd5fe,
        type: 3}
      propertyPath: m_textInfo.wordCount
      value: 0
      objectReference: {fileID: 0}
    - target: {fileID: 4784758921321202412, guid: 6506663c219daba4daa22ead9e8bd5fe,
        type: 3}
      propertyPath: m_textInfo.lineCount
      value: 0
      objectReference: {fileID: 0}
    - target: {fileID: 4784758921321202412, guid: 6506663c219daba4daa22ead9e8bd5fe,
        type: 3}
      propertyPath: m_textInfo.pageCount
      value: 0
      objectReference: {fileID: 0}
    m_RemovedComponents: []
  m_SourcePrefab: {fileID: 100100000, guid: 6506663c219daba4daa22ead9e8bd5fe, type: 3}
--- !u!1 &1081278625 stripped
GameObject:
  m_CorrespondingSourceObject: {fileID: 2344322849298323508, guid: 127530f66bd3834468d4d5a6d15d3f61,
    type: 3}
  m_PrefabInstance: {fileID: 1743979209}
  m_PrefabAsset: {fileID: 0}
--- !u!1001 &1115073709
PrefabInstance:
  m_ObjectHideFlags: 0
  serializedVersion: 2
  m_Modification:
    m_TransformParent: {fileID: 185399533}
    m_Modifications:
    - target: {fileID: 6770545668850251614, guid: 17c92264f79940e42bb77de883d23c43,
        type: 3}
      propertyPath: m_Name
      value: Noble3
      objectReference: {fileID: 0}
    - target: {fileID: 6770545668850250917, guid: 17c92264f79940e42bb77de883d23c43,
        type: 3}
      propertyPath: m_LocalPosition.x
      value: 31.2
      objectReference: {fileID: 0}
    - target: {fileID: 6770545668850250917, guid: 17c92264f79940e42bb77de883d23c43,
        type: 3}
      propertyPath: m_LocalPosition.y
      value: 1.45
      objectReference: {fileID: 0}
    - target: {fileID: 6770545668850250917, guid: 17c92264f79940e42bb77de883d23c43,
        type: 3}
      propertyPath: m_LocalPosition.z
      value: 0
      objectReference: {fileID: 0}
    - target: {fileID: 6770545668850250917, guid: 17c92264f79940e42bb77de883d23c43,
        type: 3}
      propertyPath: m_LocalRotation.x
      value: -0
      objectReference: {fileID: 0}
    - target: {fileID: 6770545668850250917, guid: 17c92264f79940e42bb77de883d23c43,
        type: 3}
      propertyPath: m_LocalRotation.y
      value: -0
      objectReference: {fileID: 0}
    - target: {fileID: 6770545668850250917, guid: 17c92264f79940e42bb77de883d23c43,
        type: 3}
      propertyPath: m_LocalRotation.z
      value: -0
      objectReference: {fileID: 0}
    - target: {fileID: 6770545668850250917, guid: 17c92264f79940e42bb77de883d23c43,
        type: 3}
      propertyPath: m_LocalRotation.w
      value: 1
      objectReference: {fileID: 0}
    - target: {fileID: 6770545668850250917, guid: 17c92264f79940e42bb77de883d23c43,
        type: 3}
      propertyPath: m_RootOrder
      value: 1
      objectReference: {fileID: 0}
    - target: {fileID: 6770545668850250917, guid: 17c92264f79940e42bb77de883d23c43,
        type: 3}
      propertyPath: m_LocalEulerAnglesHint.x
      value: 0
      objectReference: {fileID: 0}
    - target: {fileID: 6770545668850250917, guid: 17c92264f79940e42bb77de883d23c43,
        type: 3}
      propertyPath: m_LocalEulerAnglesHint.y
      value: 0
      objectReference: {fileID: 0}
    - target: {fileID: 6770545668850250917, guid: 17c92264f79940e42bb77de883d23c43,
        type: 3}
      propertyPath: m_LocalEulerAnglesHint.z
      value: 0
      objectReference: {fileID: 0}
    m_RemovedComponents: []
  m_SourcePrefab: {fileID: 100100000, guid: 17c92264f79940e42bb77de883d23c43, type: 3}
--- !u!1001 &1156024610
PrefabInstance:
  m_ObjectHideFlags: 0
  serializedVersion: 2
  m_Modification:
    m_TransformParent: {fileID: 0}
    m_Modifications:
    - target: {fileID: 5119760951020274744, guid: 25bfa9e070c057b46b86901f169d424c,
        type: 3}
      propertyPath: m_Name
      value: '[Camera]'
      objectReference: {fileID: 0}
    - target: {fileID: 5119760951020274750, guid: 25bfa9e070c057b46b86901f169d424c,
        type: 3}
      propertyPath: m_LocalPosition.x
      value: 6
      objectReference: {fileID: 0}
    - target: {fileID: 5119760951020274750, guid: 25bfa9e070c057b46b86901f169d424c,
        type: 3}
      propertyPath: m_LocalPosition.y
      value: 0
      objectReference: {fileID: 0}
    - target: {fileID: 5119760951020274750, guid: 25bfa9e070c057b46b86901f169d424c,
        type: 3}
      propertyPath: m_LocalPosition.z
      value: -10
      objectReference: {fileID: 0}
    - target: {fileID: 5119760951020274750, guid: 25bfa9e070c057b46b86901f169d424c,
        type: 3}
      propertyPath: m_LocalRotation.x
      value: 0
      objectReference: {fileID: 0}
    - target: {fileID: 5119760951020274750, guid: 25bfa9e070c057b46b86901f169d424c,
        type: 3}
      propertyPath: m_LocalRotation.y
      value: 0
      objectReference: {fileID: 0}
    - target: {fileID: 5119760951020274750, guid: 25bfa9e070c057b46b86901f169d424c,
        type: 3}
      propertyPath: m_LocalRotation.z
      value: 0
      objectReference: {fileID: 0}
    - target: {fileID: 5119760951020274750, guid: 25bfa9e070c057b46b86901f169d424c,
        type: 3}
      propertyPath: m_LocalRotation.w
      value: 1
      objectReference: {fileID: 0}
    - target: {fileID: 5119760951020274750, guid: 25bfa9e070c057b46b86901f169d424c,
        type: 3}
      propertyPath: m_RootOrder
      value: 2
      objectReference: {fileID: 0}
    - target: {fileID: 5119760951020274750, guid: 25bfa9e070c057b46b86901f169d424c,
        type: 3}
      propertyPath: m_LocalEulerAnglesHint.x
      value: 0
      objectReference: {fileID: 0}
    - target: {fileID: 5119760951020274750, guid: 25bfa9e070c057b46b86901f169d424c,
        type: 3}
      propertyPath: m_LocalEulerAnglesHint.y
      value: 0
      objectReference: {fileID: 0}
    - target: {fileID: 5119760951020274750, guid: 25bfa9e070c057b46b86901f169d424c,
        type: 3}
      propertyPath: m_LocalEulerAnglesHint.z
      value: 0
      objectReference: {fileID: 0}
    - target: {fileID: 5119760951020274751, guid: 25bfa9e070c057b46b86901f169d424c,
        type: 3}
      propertyPath: _wc
      value: 
      objectReference: {fileID: 0}
    - target: {fileID: 5119760951020274751, guid: 25bfa9e070c057b46b86901f169d424c,
        type: 3}
      propertyPath: _followedObject
      value: 
      objectReference: {fileID: 1081278625}
    m_RemovedComponents: []
  m_SourcePrefab: {fileID: 100100000, guid: 25bfa9e070c057b46b86901f169d424c, type: 3}
--- !u!20 &1156024611 stripped
Camera:
  m_CorrespondingSourceObject: {fileID: 5119760952599052534, guid: 25bfa9e070c057b46b86901f169d424c,
    type: 3}
  m_PrefabInstance: {fileID: 1156024610}
  m_PrefabAsset: {fileID: 0}
--- !u!1 &1185056229
GameObject:
  m_ObjectHideFlags: 0
  m_CorrespondingSourceObject: {fileID: 0}
  m_PrefabInstance: {fileID: 0}
  m_PrefabAsset: {fileID: 0}
  serializedVersion: 6
  m_Component:
  - component: {fileID: 1185056232}
  - component: {fileID: 1185056231}
  - component: {fileID: 1185056230}
  m_Layer: 0
  m_Name: EventSystem
  m_TagString: Untagged
  m_Icon: {fileID: 0}
  m_NavMeshLayer: 0
  m_StaticEditorFlags: 0
  m_IsActive: 1
--- !u!114 &1185056230
MonoBehaviour:
  m_ObjectHideFlags: 0
  m_CorrespondingSourceObject: {fileID: 0}
  m_PrefabInstance: {fileID: 0}
  m_PrefabAsset: {fileID: 0}
  m_GameObject: {fileID: 1185056229}
  m_Enabled: 1
  m_EditorHideFlags: 0
  m_Script: {fileID: 11500000, guid: 4f231c4fb786f3946a6b90b886c48677, type: 3}
  m_Name: 
  m_EditorClassIdentifier: 
  m_HorizontalAxis: Horizontal
  m_VerticalAxis: Vertical
  m_SubmitButton: Submit
  m_CancelButton: Cancel
  m_InputActionsPerSecond: 10
  m_RepeatDelay: 0.5
  m_ForceModuleActive: 0
--- !u!114 &1185056231
MonoBehaviour:
  m_ObjectHideFlags: 0
  m_CorrespondingSourceObject: {fileID: 0}
  m_PrefabInstance: {fileID: 0}
  m_PrefabAsset: {fileID: 0}
  m_GameObject: {fileID: 1185056229}
  m_Enabled: 1
  m_EditorHideFlags: 0
  m_Script: {fileID: 11500000, guid: 76c392e42b5098c458856cdf6ecaaaa1, type: 3}
  m_Name: 
  m_EditorClassIdentifier: 
  m_FirstSelected: {fileID: 0}
  m_sendNavigationEvents: 1
  m_DragThreshold: 10
--- !u!4 &1185056232
Transform:
  m_ObjectHideFlags: 0
  m_CorrespondingSourceObject: {fileID: 0}
  m_PrefabInstance: {fileID: 0}
  m_PrefabAsset: {fileID: 0}
  m_GameObject: {fileID: 1185056229}
  m_LocalRotation: {x: 0, y: 0, z: 0, w: 1}
  m_LocalPosition: {x: 0, y: 0, z: 0}
  m_LocalScale: {x: 1, y: 1, z: 1}
  m_Children: []
  m_Father: {fileID: 0}
  m_RootOrder: 11
  m_LocalEulerAnglesHint: {x: 0, y: 0, z: 0}
--- !u!1001 &1242036450
PrefabInstance:
  m_ObjectHideFlags: 0
  serializedVersion: 2
  m_Modification:
    m_TransformParent: {fileID: 0}
    m_Modifications:
    - target: {fileID: 5930607169840433161, guid: 22fc4ec93f872684697fea9fd30c69ac,
        type: 3}
      propertyPath: m_Name
      value: WC
      objectReference: {fileID: 0}
    - target: {fileID: 5930607169840433159, guid: 22fc4ec93f872684697fea9fd30c69ac,
        type: 3}
      propertyPath: m_LocalPosition.x
      value: 119.7
      objectReference: {fileID: 0}
    - target: {fileID: 5930607169840433159, guid: 22fc4ec93f872684697fea9fd30c69ac,
        type: 3}
      propertyPath: m_LocalPosition.y
      value: 0.2
      objectReference: {fileID: 0}
    - target: {fileID: 5930607169840433159, guid: 22fc4ec93f872684697fea9fd30c69ac,
        type: 3}
      propertyPath: m_LocalPosition.z
      value: 0
      objectReference: {fileID: 0}
    - target: {fileID: 5930607169840433159, guid: 22fc4ec93f872684697fea9fd30c69ac,
        type: 3}
      propertyPath: m_LocalRotation.x
      value: 0
      objectReference: {fileID: 0}
    - target: {fileID: 5930607169840433159, guid: 22fc4ec93f872684697fea9fd30c69ac,
        type: 3}
      propertyPath: m_LocalRotation.y
      value: 0
      objectReference: {fileID: 0}
    - target: {fileID: 5930607169840433159, guid: 22fc4ec93f872684697fea9fd30c69ac,
        type: 3}
      propertyPath: m_LocalRotation.z
      value: 0
      objectReference: {fileID: 0}
    - target: {fileID: 5930607169840433159, guid: 22fc4ec93f872684697fea9fd30c69ac,
        type: 3}
      propertyPath: m_LocalRotation.w
      value: 1
      objectReference: {fileID: 0}
    - target: {fileID: 5930607169840433159, guid: 22fc4ec93f872684697fea9fd30c69ac,
        type: 3}
      propertyPath: m_RootOrder
      value: 7
      objectReference: {fileID: 0}
    - target: {fileID: 5930607169840433159, guid: 22fc4ec93f872684697fea9fd30c69ac,
        type: 3}
      propertyPath: m_LocalEulerAnglesHint.x
      value: 0
      objectReference: {fileID: 0}
    - target: {fileID: 5930607169840433159, guid: 22fc4ec93f872684697fea9fd30c69ac,
        type: 3}
      propertyPath: m_LocalEulerAnglesHint.y
      value: 0
      objectReference: {fileID: 0}
    - target: {fileID: 5930607169840433159, guid: 22fc4ec93f872684697fea9fd30c69ac,
        type: 3}
      propertyPath: m_LocalEulerAnglesHint.z
      value: 0
      objectReference: {fileID: 0}
    - target: {fileID: 5930607169840433156, guid: 22fc4ec93f872684697fea9fd30c69ac,
        type: 3}
      propertyPath: _onWin.m_PersistentCalls.m_Calls.Array.size
      value: 1
      objectReference: {fileID: 0}
    - target: {fileID: 5930607169840433156, guid: 22fc4ec93f872684697fea9fd30c69ac,
        type: 3}
      propertyPath: OnWin.m_PersistentCalls.m_Calls.Array.data[0].m_Target
      value: 
      objectReference: {fileID: 0}
    - target: {fileID: 5930607169840433156, guid: 22fc4ec93f872684697fea9fd30c69ac,
        type: 3}
      propertyPath: OnWin.m_PersistentCalls.m_Calls.Array.data[0].m_MethodName
      value: DisplayWinScreen
      objectReference: {fileID: 0}
    - target: {fileID: 5930607169840433156, guid: 22fc4ec93f872684697fea9fd30c69ac,
        type: 3}
      propertyPath: _onWin.m_PersistentCalls.m_Calls.Array.data[0].m_Mode
      value: 1
      objectReference: {fileID: 0}
    - target: {fileID: 5930607169840433156, guid: 22fc4ec93f872684697fea9fd30c69ac,
        type: 3}
      propertyPath: _onWin.m_PersistentCalls.m_Calls.Array.data[0].m_CallState
      value: 2
      objectReference: {fileID: 0}
    - target: {fileID: 5930607169840433156, guid: 22fc4ec93f872684697fea9fd30c69ac,
        type: 3}
      propertyPath: _onWin.m_PersistentCalls.m_Calls.Array.data[0].m_Target
      value: 
      objectReference: {fileID: 941585127}
    - target: {fileID: 5930607169840433156, guid: 22fc4ec93f872684697fea9fd30c69ac,
        type: 3}
      propertyPath: _onWin.m_PersistentCalls.m_Calls.Array.data[0].m_MethodName
      value: DisplayWinScreen
      objectReference: {fileID: 0}
    - target: {fileID: 5930607169840433156, guid: 22fc4ec93f872684697fea9fd30c69ac,
        type: 3}
      propertyPath: _onWin.m_PersistentCalls.m_Calls.Array.data[0].m_Arguments.m_ObjectArgumentAssemblyTypeName
      value: UnityEngine.Object, UnityEngine
      objectReference: {fileID: 0}
    m_RemovedComponents: []
  m_SourcePrefab: {fileID: 100100000, guid: 22fc4ec93f872684697fea9fd30c69ac, type: 3}
--- !u!1001 &1424813045
PrefabInstance:
  m_ObjectHideFlags: 0
  serializedVersion: 2
  m_Modification:
    m_TransformParent: {fileID: 185399533}
    m_Modifications:
    - target: {fileID: 4922128384013135925, guid: d224db117d4ff7c409772e223bbea16b,
        type: 3}
      propertyPath: m_Name
      value: Noble1
      objectReference: {fileID: 0}
    - target: {fileID: 4922128384013135918, guid: d224db117d4ff7c409772e223bbea16b,
        type: 3}
      propertyPath: m_LocalPosition.x
      value: 99.1
      objectReference: {fileID: 0}
    - target: {fileID: 4922128384013135918, guid: d224db117d4ff7c409772e223bbea16b,
        type: 3}
      propertyPath: m_LocalPosition.y
      value: 1.45
      objectReference: {fileID: 0}
    - target: {fileID: 4922128384013135918, guid: d224db117d4ff7c409772e223bbea16b,
        type: 3}
      propertyPath: m_LocalPosition.z
      value: 0
      objectReference: {fileID: 0}
    - target: {fileID: 4922128384013135918, guid: d224db117d4ff7c409772e223bbea16b,
        type: 3}
      propertyPath: m_LocalRotation.x
      value: 0
      objectReference: {fileID: 0}
    - target: {fileID: 4922128384013135918, guid: d224db117d4ff7c409772e223bbea16b,
        type: 3}
      propertyPath: m_LocalRotation.y
      value: 0
      objectReference: {fileID: 0}
    - target: {fileID: 4922128384013135918, guid: d224db117d4ff7c409772e223bbea16b,
        type: 3}
      propertyPath: m_LocalRotation.z
      value: 0
      objectReference: {fileID: 0}
    - target: {fileID: 4922128384013135918, guid: d224db117d4ff7c409772e223bbea16b,
        type: 3}
      propertyPath: m_LocalRotation.w
      value: 1
      objectReference: {fileID: 0}
    - target: {fileID: 4922128384013135918, guid: d224db117d4ff7c409772e223bbea16b,
        type: 3}
      propertyPath: m_RootOrder
      value: 7
      objectReference: {fileID: 0}
    - target: {fileID: 4922128384013135918, guid: d224db117d4ff7c409772e223bbea16b,
        type: 3}
      propertyPath: m_LocalEulerAnglesHint.x
      value: 0
      objectReference: {fileID: 0}
    - target: {fileID: 4922128384013135918, guid: d224db117d4ff7c409772e223bbea16b,
        type: 3}
      propertyPath: m_LocalEulerAnglesHint.y
      value: 0
      objectReference: {fileID: 0}
    - target: {fileID: 4922128384013135918, guid: d224db117d4ff7c409772e223bbea16b,
        type: 3}
      propertyPath: m_LocalEulerAnglesHint.z
      value: 0
      objectReference: {fileID: 0}
    m_RemovedComponents: []
  m_SourcePrefab: {fileID: 100100000, guid: d224db117d4ff7c409772e223bbea16b, type: 3}
--- !u!4 &1424813046 stripped
Transform:
  m_CorrespondingSourceObject: {fileID: 4922128384013135918, guid: d224db117d4ff7c409772e223bbea16b,
    type: 3}
  m_PrefabInstance: {fileID: 1424813045}
  m_PrefabAsset: {fileID: 0}
--- !u!4 &1551709533 stripped
Transform:
  m_CorrespondingSourceObject: {fileID: 2571514169739056661, guid: 0a4710f337bbfa849a13baad2c1390f7,
    type: 3}
  m_PrefabInstance: {fileID: 1978774095}
  m_PrefabAsset: {fileID: 0}
--- !u!1001 &1613369239
PrefabInstance:
  m_ObjectHideFlags: 0
  serializedVersion: 2
  m_Modification:
    m_TransformParent: {fileID: 185399533}
    m_Modifications:
    - target: {fileID: 4922128384013135925, guid: d224db117d4ff7c409772e223bbea16b,
        type: 3}
      propertyPath: m_Name
      value: Noble1 (1)
      objectReference: {fileID: 0}
    - target: {fileID: 4922128384013135918, guid: d224db117d4ff7c409772e223bbea16b,
        type: 3}
      propertyPath: m_LocalPosition.x
      value: 12.1
      objectReference: {fileID: 0}
    - target: {fileID: 4922128384013135918, guid: d224db117d4ff7c409772e223bbea16b,
        type: 3}
      propertyPath: m_LocalPosition.y
      value: 1.45
      objectReference: {fileID: 0}
    - target: {fileID: 4922128384013135918, guid: d224db117d4ff7c409772e223bbea16b,
        type: 3}
      propertyPath: m_LocalPosition.z
      value: 0
      objectReference: {fileID: 0}
    - target: {fileID: 4922128384013135918, guid: d224db117d4ff7c409772e223bbea16b,
        type: 3}
      propertyPath: m_LocalRotation.x
      value: 0
      objectReference: {fileID: 0}
    - target: {fileID: 4922128384013135918, guid: d224db117d4ff7c409772e223bbea16b,
        type: 3}
      propertyPath: m_LocalRotation.y
      value: 0
      objectReference: {fileID: 0}
    - target: {fileID: 4922128384013135918, guid: d224db117d4ff7c409772e223bbea16b,
        type: 3}
      propertyPath: m_LocalRotation.z
      value: 0
      objectReference: {fileID: 0}
    - target: {fileID: 4922128384013135918, guid: d224db117d4ff7c409772e223bbea16b,
        type: 3}
      propertyPath: m_LocalRotation.w
      value: 1
      objectReference: {fileID: 0}
    - target: {fileID: 4922128384013135918, guid: d224db117d4ff7c409772e223bbea16b,
        type: 3}
      propertyPath: m_RootOrder
      value: 8
      objectReference: {fileID: 0}
    - target: {fileID: 4922128384013135918, guid: d224db117d4ff7c409772e223bbea16b,
        type: 3}
      propertyPath: m_LocalEulerAnglesHint.x
      value: 0
      objectReference: {fileID: 0}
    - target: {fileID: 4922128384013135918, guid: d224db117d4ff7c409772e223bbea16b,
        type: 3}
      propertyPath: m_LocalEulerAnglesHint.y
      value: 0
      objectReference: {fileID: 0}
    - target: {fileID: 4922128384013135918, guid: d224db117d4ff7c409772e223bbea16b,
        type: 3}
      propertyPath: m_LocalEulerAnglesHint.z
      value: 0
      objectReference: {fileID: 0}
    m_RemovedComponents: []
  m_SourcePrefab: {fileID: 100100000, guid: d224db117d4ff7c409772e223bbea16b, type: 3}
--- !u!4 &1613369240 stripped
Transform:
  m_CorrespondingSourceObject: {fileID: 4922128384013135918, guid: d224db117d4ff7c409772e223bbea16b,
    type: 3}
  m_PrefabInstance: {fileID: 1613369239}
  m_PrefabAsset: {fileID: 0}
--- !u!1 &1615081018
GameObject:
  m_ObjectHideFlags: 0
  m_CorrespondingSourceObject: {fileID: 0}
  m_PrefabInstance: {fileID: 0}
  m_PrefabAsset: {fileID: 0}
  serializedVersion: 6
  m_Component:
  - component: {fileID: 1615081019}
  m_Layer: 0
  m_Name: Environment
  m_TagString: Untagged
  m_Icon: {fileID: 0}
  m_NavMeshLayer: 0
  m_StaticEditorFlags: 0
  m_IsActive: 1
--- !u!4 &1615081019
Transform:
  m_ObjectHideFlags: 0
  m_CorrespondingSourceObject: {fileID: 0}
  m_PrefabInstance: {fileID: 0}
  m_PrefabAsset: {fileID: 0}
  m_GameObject: {fileID: 1615081018}
  m_LocalRotation: {x: 0, y: 0, z: 0, w: 1}
  m_LocalPosition: {x: 0, y: 0, z: 0}
  m_LocalScale: {x: 1, y: 1, z: 1}
  m_Children:
  - {fileID: 1551709533}
  - {fileID: 1819994630}
  - {fileID: 1970793238}
  m_Father: {fileID: 0}
  m_RootOrder: 9
  m_LocalEulerAnglesHint: {x: 0, y: 0, z: 0}
--- !u!1001 &1743979209
PrefabInstance:
  m_ObjectHideFlags: 0
  serializedVersion: 2
  m_Modification:
    m_TransformParent: {fileID: 0}
    m_Modifications:
    - target: {fileID: 2344322849298323508, guid: 127530f66bd3834468d4d5a6d15d3f61,
        type: 3}
      propertyPath: m_Name
      value: Player
      objectReference: {fileID: 0}
    - target: {fileID: 191261057, guid: 127530f66bd3834468d4d5a6d15d3f61, type: 3}
      propertyPath: hurtSound
      value: 
      objectReference: {fileID: 8300000, guid: a7bd46484b7373843a58066f653e7e1a, type: 3}
    - target: {fileID: 191261057, guid: 127530f66bd3834468d4d5a6d15d3f61, type: 3}
      propertyPath: dashSound
      value: 
      objectReference: {fileID: 8300000, guid: 9161561e745c5904ab3dc63fca19c9cd, type: 3}
    - target: {fileID: 2344322849298323504, guid: 127530f66bd3834468d4d5a6d15d3f61,
        type: 3}
      propertyPath: m_LocalPosition.x
      value: 0
      objectReference: {fileID: 0}
    - target: {fileID: 2344322849298323504, guid: 127530f66bd3834468d4d5a6d15d3f61,
        type: 3}
      propertyPath: m_LocalPosition.y
      value: 0
      objectReference: {fileID: 0}
    - target: {fileID: 2344322849298323504, guid: 127530f66bd3834468d4d5a6d15d3f61,
        type: 3}
      propertyPath: m_LocalPosition.z
      value: 0
      objectReference: {fileID: 0}
    - target: {fileID: 2344322849298323504, guid: 127530f66bd3834468d4d5a6d15d3f61,
        type: 3}
      propertyPath: m_LocalRotation.x
      value: 0
      objectReference: {fileID: 0}
    - target: {fileID: 2344322849298323504, guid: 127530f66bd3834468d4d5a6d15d3f61,
        type: 3}
      propertyPath: m_LocalRotation.y
      value: 0
      objectReference: {fileID: 0}
    - target: {fileID: 2344322849298323504, guid: 127530f66bd3834468d4d5a6d15d3f61,
        type: 3}
      propertyPath: m_LocalRotation.z
      value: 0
      objectReference: {fileID: 0}
    - target: {fileID: 2344322849298323504, guid: 127530f66bd3834468d4d5a6d15d3f61,
        type: 3}
      propertyPath: m_LocalRotation.w
      value: 1
      objectReference: {fileID: 0}
    - target: {fileID: 2344322849298323504, guid: 127530f66bd3834468d4d5a6d15d3f61,
        type: 3}
      propertyPath: m_RootOrder
      value: 6
      objectReference: {fileID: 0}
    - target: {fileID: 2344322849298323504, guid: 127530f66bd3834468d4d5a6d15d3f61,
        type: 3}
      propertyPath: m_LocalEulerAnglesHint.x
      value: 0
      objectReference: {fileID: 0}
    - target: {fileID: 2344322849298323504, guid: 127530f66bd3834468d4d5a6d15d3f61,
        type: 3}
      propertyPath: m_LocalEulerAnglesHint.y
      value: 0
      objectReference: {fileID: 0}
    - target: {fileID: 2344322849298323504, guid: 127530f66bd3834468d4d5a6d15d3f61,
        type: 3}
      propertyPath: m_LocalEulerAnglesHint.z
      value: 0
      objectReference: {fileID: 0}
    - target: {fileID: 2344322849298323506, guid: 127530f66bd3834468d4d5a6d15d3f61,
        type: 3}
      propertyPath: OnDeath.m_PersistentCalls.m_Calls.Array.data[0].m_Target
      value: 
      objectReference: {fileID: 941585127}
    - target: {fileID: 2344322849298323506, guid: 127530f66bd3834468d4d5a6d15d3f61,
        type: 3}
      propertyPath: OnDeath.m_PersistentCalls.m_Calls.Array.data[0].m_MethodName
      value: DisplayLoseScreen
      objectReference: {fileID: 0}
    - target: {fileID: 2344322849298323506, guid: 127530f66bd3834468d4d5a6d15d3f61,
        type: 3}
      propertyPath: OnDeath.m_PersistentCalls.m_Calls.Array.data[1].m_Target
      value: 
      objectReference: {fileID: 1024383346}
    - target: {fileID: 2344322849298323506, guid: 127530f66bd3834468d4d5a6d15d3f61,
        type: 3}
      propertyPath: OnDeath.m_PersistentCalls.m_Calls.Array.data[1].m_MethodName
      value: PlayShameMusic
      objectReference: {fileID: 0}
    - target: {fileID: 2344322849298323505, guid: 127530f66bd3834468d4d5a6d15d3f61,
        type: 3}
      propertyPath: dash_Event.m_PersistentCalls.m_Calls.Array.size
      value: 1
      objectReference: {fileID: 0}
    - target: {fileID: 2344322849298323505, guid: 127530f66bd3834468d4d5a6d15d3f61,
        type: 3}
      propertyPath: _onWalkingStart.m_PersistentCalls.m_Calls.Array.data[0].m_Target
      value: 
      objectReference: {fileID: 1024383346}
    - target: {fileID: 2344322849298323505, guid: 127530f66bd3834468d4d5a6d15d3f61,
        type: 3}
      propertyPath: _onWalkingStart.m_PersistentCalls.m_Calls.Array.data[0].m_MethodName
      value: PlayRandomWalkingMusic
      objectReference: {fileID: 0}
    - target: {fileID: 2344322849298323505, guid: 127530f66bd3834468d4d5a6d15d3f61,
        type: 3}
      propertyPath: _onRunningStart.m_PersistentCalls.m_Calls.Array.data[0].m_Target
      value: 
      objectReference: {fileID: 1024383346}
    - target: {fileID: 2344322849298323505, guid: 127530f66bd3834468d4d5a6d15d3f61,
        type: 3}
      propertyPath: _onRunningStart.m_PersistentCalls.m_Calls.Array.data[0].m_MethodName
      value: PlayRunningMusic
      objectReference: {fileID: 0}
    - target: {fileID: 2344322849298323505, guid: 127530f66bd3834468d4d5a6d15d3f61,
        type: 3}
      propertyPath: dash_Event.m_PersistentCalls.m_Calls.Array.data[0].m_Mode
      value: 1
      objectReference: {fileID: 0}
    - target: {fileID: 2344322849298323505, guid: 127530f66bd3834468d4d5a6d15d3f61,
        type: 3}
      propertyPath: dash_Event.m_PersistentCalls.m_Calls.Array.data[0].m_CallState
      value: 2
      objectReference: {fileID: 0}
    - target: {fileID: 2344322849298323505, guid: 127530f66bd3834468d4d5a6d15d3f61,
        type: 3}
      propertyPath: dash_Event.m_PersistentCalls.m_Calls.Array.data[0].m_Target
      value: 
      objectReference: {fileID: 1743979210}
    - target: {fileID: 2344322849298323505, guid: 127530f66bd3834468d4d5a6d15d3f61,
        type: 3}
      propertyPath: dash_Event.m_PersistentCalls.m_Calls.Array.data[0].m_MethodName
      value: PlayDashSound
      objectReference: {fileID: 0}
    - target: {fileID: 2344322849298323505, guid: 127530f66bd3834468d4d5a6d15d3f61,
        type: 3}
      propertyPath: dash_Event.m_PersistentCalls.m_Calls.Array.data[0].m_Arguments.m_ObjectArgumentAssemblyTypeName
      value: UnityEngine.Object, UnityEngine
      objectReference: {fileID: 0}
    m_RemovedComponents: []
  m_SourcePrefab: {fileID: 100100000, guid: 127530f66bd3834468d4d5a6d15d3f61, type: 3}
--- !u!114 &1743979210 stripped
MonoBehaviour:
  m_CorrespondingSourceObject: {fileID: 191261057, guid: 127530f66bd3834468d4d5a6d15d3f61,
    type: 3}
  m_PrefabInstance: {fileID: 1743979209}
  m_PrefabAsset: {fileID: 0}
  m_GameObject: {fileID: 1081278625}
  m_Enabled: 1
  m_EditorHideFlags: 0
  m_Script: {fileID: 11500000, guid: 2e6d9265522e0fe4ea0e515f88d53c85, type: 3}
  m_Name: 
  m_EditorClassIdentifier: 
--- !u!1001 &1819098288
PrefabInstance:
  m_ObjectHideFlags: 0
  serializedVersion: 2
  m_Modification:
    m_TransformParent: {fileID: 185399533}
    m_Modifications:
    - target: {fileID: 8590634247997601355, guid: 4922b105dd926a0439ec013957786fd2,
        type: 3}
      propertyPath: m_Name
      value: Door
      objectReference: {fileID: 0}
    - target: {fileID: 8590634247997601358, guid: 4922b105dd926a0439ec013957786fd2,
        type: 3}
      propertyPath: m_LocalPosition.x
      value: 57.1
      objectReference: {fileID: 0}
    - target: {fileID: 8590634247997601358, guid: 4922b105dd926a0439ec013957786fd2,
        type: 3}
      propertyPath: m_LocalPosition.y
      value: 2.66
      objectReference: {fileID: 0}
    - target: {fileID: 8590634247997601358, guid: 4922b105dd926a0439ec013957786fd2,
        type: 3}
      propertyPath: m_LocalPosition.z
      value: 0
      objectReference: {fileID: 0}
    - target: {fileID: 8590634247997601358, guid: 4922b105dd926a0439ec013957786fd2,
        type: 3}
      propertyPath: m_LocalRotation.x
      value: -0
      objectReference: {fileID: 0}
    - target: {fileID: 8590634247997601358, guid: 4922b105dd926a0439ec013957786fd2,
        type: 3}
      propertyPath: m_LocalRotation.y
      value: -0
      objectReference: {fileID: 0}
    - target: {fileID: 8590634247997601358, guid: 4922b105dd926a0439ec013957786fd2,
        type: 3}
      propertyPath: m_LocalRotation.z
      value: -0
      objectReference: {fileID: 0}
    - target: {fileID: 8590634247997601358, guid: 4922b105dd926a0439ec013957786fd2,
        type: 3}
      propertyPath: m_LocalRotation.w
      value: 1
      objectReference: {fileID: 0}
    - target: {fileID: 8590634247997601358, guid: 4922b105dd926a0439ec013957786fd2,
        type: 3}
      propertyPath: m_RootOrder
      value: 0
      objectReference: {fileID: 0}
    - target: {fileID: 8590634247997601358, guid: 4922b105dd926a0439ec013957786fd2,
        type: 3}
      propertyPath: m_LocalEulerAnglesHint.x
      value: 0
      objectReference: {fileID: 0}
    - target: {fileID: 8590634247997601358, guid: 4922b105dd926a0439ec013957786fd2,
        type: 3}
      propertyPath: m_LocalEulerAnglesHint.y
      value: 0
      objectReference: {fileID: 0}
    - target: {fileID: 8590634247997601358, guid: 4922b105dd926a0439ec013957786fd2,
        type: 3}
      propertyPath: m_LocalEulerAnglesHint.z
      value: 0
      objectReference: {fileID: 0}
    - target: {fileID: 8590634247997601359, guid: 4922b105dd926a0439ec013957786fd2,
        type: 3}
      propertyPath: noblePrefab
      value: 
      objectReference: {fileID: 6386477486658027816, guid: d5daacdf58adf8a44833e9542d597da4,
        type: 3}
    m_RemovedComponents: []
  m_SourcePrefab: {fileID: 100100000, guid: 4922b105dd926a0439ec013957786fd2, type: 3}
--- !u!4 &1819994630 stripped
Transform:
  m_CorrespondingSourceObject: {fileID: 2571514169739056661, guid: 0a4710f337bbfa849a13baad2c1390f7,
    type: 3}
  m_PrefabInstance: {fileID: 620356463}
  m_PrefabAsset: {fileID: 0}
--- !u!4 &1856731583 stripped
Transform:
  m_CorrespondingSourceObject: {fileID: 1015559504222223390, guid: 3369b09ef6de1a44ea7c5250bacfa569,
    type: 3}
  m_PrefabInstance: {fileID: 2069156718}
  m_PrefabAsset: {fileID: 0}
--- !u!4 &1970793238 stripped
Transform:
  m_CorrespondingSourceObject: {fileID: 2571514169739056661, guid: 0a4710f337bbfa849a13baad2c1390f7,
    type: 3}
  m_PrefabInstance: {fileID: 705784473}
  m_PrefabAsset: {fileID: 0}
--- !u!1001 &1978774095
PrefabInstance:
  m_ObjectHideFlags: 0
  serializedVersion: 2
  m_Modification:
    m_TransformParent: {fileID: 1615081019}
    m_Modifications:
    - target: {fileID: 5459724748856354722, guid: 0a4710f337bbfa849a13baad2c1390f7,
        type: 3}
      propertyPath: m_Name
      value: doorClosed
      objectReference: {fileID: 0}
    - target: {fileID: 2571514169739056661, guid: 0a4710f337bbfa849a13baad2c1390f7,
        type: 3}
      propertyPath: m_LocalPosition.x
      value: 10.11
      objectReference: {fileID: 0}
    - target: {fileID: 2571514169739056661, guid: 0a4710f337bbfa849a13baad2c1390f7,
        type: 3}
      propertyPath: m_LocalPosition.y
      value: 2.65
      objectReference: {fileID: 0}
    - target: {fileID: 2571514169739056661, guid: 0a4710f337bbfa849a13baad2c1390f7,
        type: 3}
      propertyPath: m_LocalPosition.z
      value: 0
      objectReference: {fileID: 0}
    - target: {fileID: 2571514169739056661, guid: 0a4710f337bbfa849a13baad2c1390f7,
        type: 3}
      propertyPath: m_LocalRotation.x
      value: -0
      objectReference: {fileID: 0}
    - target: {fileID: 2571514169739056661, guid: 0a4710f337bbfa849a13baad2c1390f7,
        type: 3}
      propertyPath: m_LocalRotation.y
      value: -0
      objectReference: {fileID: 0}
    - target: {fileID: 2571514169739056661, guid: 0a4710f337bbfa849a13baad2c1390f7,
        type: 3}
      propertyPath: m_LocalRotation.z
      value: -0
      objectReference: {fileID: 0}
    - target: {fileID: 2571514169739056661, guid: 0a4710f337bbfa849a13baad2c1390f7,
        type: 3}
      propertyPath: m_LocalRotation.w
      value: 1
      objectReference: {fileID: 0}
    - target: {fileID: 2571514169739056661, guid: 0a4710f337bbfa849a13baad2c1390f7,
        type: 3}
      propertyPath: m_RootOrder
      value: 0
      objectReference: {fileID: 0}
    - target: {fileID: 2571514169739056661, guid: 0a4710f337bbfa849a13baad2c1390f7,
        type: 3}
      propertyPath: m_LocalEulerAnglesHint.x
      value: 0
      objectReference: {fileID: 0}
    - target: {fileID: 2571514169739056661, guid: 0a4710f337bbfa849a13baad2c1390f7,
        type: 3}
      propertyPath: m_LocalEulerAnglesHint.y
      value: 0
      objectReference: {fileID: 0}
    - target: {fileID: 2571514169739056661, guid: 0a4710f337bbfa849a13baad2c1390f7,
        type: 3}
      propertyPath: m_LocalEulerAnglesHint.z
      value: 0
      objectReference: {fileID: 0}
    m_RemovedComponents: []
  m_SourcePrefab: {fileID: 100100000, guid: 0a4710f337bbfa849a13baad2c1390f7, type: 3}
--- !u!1001 &2009302260
PrefabInstance:
  m_ObjectHideFlags: 0
  serializedVersion: 2
  m_Modification:
    m_TransformParent: {fileID: 0}
    m_Modifications:
    - target: {fileID: 234041233309416905, guid: cdb4cbc8f412e2840b4e4c7af7f4ca5b,
        type: 3}
      propertyPath: m_Name
      value: '[GameManager]'
      objectReference: {fileID: 0}
    - target: {fileID: 234041233309416907, guid: cdb4cbc8f412e2840b4e4c7af7f4ca5b,
        type: 3}
      propertyPath: m_LocalPosition.x
      value: -3.4537325
      objectReference: {fileID: 0}
    - target: {fileID: 234041233309416907, guid: cdb4cbc8f412e2840b4e4c7af7f4ca5b,
        type: 3}
      propertyPath: m_LocalPosition.y
      value: -1.0455682
      objectReference: {fileID: 0}
    - target: {fileID: 234041233309416907, guid: cdb4cbc8f412e2840b4e4c7af7f4ca5b,
        type: 3}
      propertyPath: m_LocalPosition.z
      value: 4.184897
      objectReference: {fileID: 0}
    - target: {fileID: 234041233309416907, guid: cdb4cbc8f412e2840b4e4c7af7f4ca5b,
        type: 3}
      propertyPath: m_LocalRotation.x
      value: 0
      objectReference: {fileID: 0}
    - target: {fileID: 234041233309416907, guid: cdb4cbc8f412e2840b4e4c7af7f4ca5b,
        type: 3}
      propertyPath: m_LocalRotation.y
      value: 0
      objectReference: {fileID: 0}
    - target: {fileID: 234041233309416907, guid: cdb4cbc8f412e2840b4e4c7af7f4ca5b,
        type: 3}
      propertyPath: m_LocalRotation.z
      value: 0
      objectReference: {fileID: 0}
    - target: {fileID: 234041233309416907, guid: cdb4cbc8f412e2840b4e4c7af7f4ca5b,
        type: 3}
      propertyPath: m_LocalRotation.w
      value: 1
      objectReference: {fileID: 0}
    - target: {fileID: 234041233309416907, guid: cdb4cbc8f412e2840b4e4c7af7f4ca5b,
        type: 3}
      propertyPath: m_RootOrder
      value: 3
      objectReference: {fileID: 0}
    - target: {fileID: 234041233309416907, guid: cdb4cbc8f412e2840b4e4c7af7f4ca5b,
        type: 3}
      propertyPath: m_LocalEulerAnglesHint.x
      value: 0
      objectReference: {fileID: 0}
    - target: {fileID: 234041233309416907, guid: cdb4cbc8f412e2840b4e4c7af7f4ca5b,
        type: 3}
      propertyPath: m_LocalEulerAnglesHint.y
      value: 0
      objectReference: {fileID: 0}
    - target: {fileID: 234041233309416907, guid: cdb4cbc8f412e2840b4e4c7af7f4ca5b,
        type: 3}
      propertyPath: m_LocalEulerAnglesHint.z
      value: 0
      objectReference: {fileID: 0}
    - target: {fileID: 234041233309416904, guid: cdb4cbc8f412e2840b4e4c7af7f4ca5b,
        type: 3}
      propertyPath: scoreIncrementPerSecond
      value: 1
      objectReference: {fileID: 0}
    m_RemovedComponents: []
  m_SourcePrefab: {fileID: 100100000, guid: cdb4cbc8f412e2840b4e4c7af7f4ca5b, type: 3}
--- !u!1001 &2069156718
PrefabInstance:
  m_ObjectHideFlags: 0
  serializedVersion: 2
  m_Modification:
    m_TransformParent: {fileID: 185399533}
    m_Modifications:
    - target: {fileID: 1015559504222223387, guid: 3369b09ef6de1a44ea7c5250bacfa569,
        type: 3}
      propertyPath: m_Name
      value: Walking Noble
      objectReference: {fileID: 0}
    - target: {fileID: 1015559504222223390, guid: 3369b09ef6de1a44ea7c5250bacfa569,
        type: 3}
      propertyPath: m_LocalPosition.x
      value: 117.4
      objectReference: {fileID: 0}
    - target: {fileID: 1015559504222223390, guid: 3369b09ef6de1a44ea7c5250bacfa569,
        type: 3}
      propertyPath: m_LocalPosition.y
      value: 0.5
      objectReference: {fileID: 0}
    - target: {fileID: 1015559504222223390, guid: 3369b09ef6de1a44ea7c5250bacfa569,
        type: 3}
      propertyPath: m_LocalPosition.z
      value: 0
      objectReference: {fileID: 0}
    - target: {fileID: 1015559504222223390, guid: 3369b09ef6de1a44ea7c5250bacfa569,
        type: 3}
      propertyPath: m_LocalRotation.x
      value: -0
      objectReference: {fileID: 0}
    - target: {fileID: 1015559504222223390, guid: 3369b09ef6de1a44ea7c5250bacfa569,
        type: 3}
      propertyPath: m_LocalRotation.y
      value: -0
      objectReference: {fileID: 0}
    - target: {fileID: 1015559504222223390, guid: 3369b09ef6de1a44ea7c5250bacfa569,
        type: 3}
      propertyPath: m_LocalRotation.z
      value: -0
      objectReference: {fileID: 0}
    - target: {fileID: 1015559504222223390, guid: 3369b09ef6de1a44ea7c5250bacfa569,
        type: 3}
      propertyPath: m_LocalRotation.w
      value: 1
      objectReference: {fileID: 0}
    - target: {fileID: 1015559504222223390, guid: 3369b09ef6de1a44ea7c5250bacfa569,
        type: 3}
      propertyPath: m_RootOrder
      value: 2
      objectReference: {fileID: 0}
    - target: {fileID: 1015559504222223390, guid: 3369b09ef6de1a44ea7c5250bacfa569,
        type: 3}
      propertyPath: m_LocalEulerAnglesHint.x
      value: 0
      objectReference: {fileID: 0}
    - target: {fileID: 1015559504222223390, guid: 3369b09ef6de1a44ea7c5250bacfa569,
        type: 3}
      propertyPath: m_LocalEulerAnglesHint.y
      value: 0
      objectReference: {fileID: 0}
    - target: {fileID: 1015559504222223390, guid: 3369b09ef6de1a44ea7c5250bacfa569,
        type: 3}
      propertyPath: m_LocalEulerAnglesHint.z
      value: 0
      objectReference: {fileID: 0}
    - target: {fileID: 3304519394420091179, guid: 3369b09ef6de1a44ea7c5250bacfa569,
        type: 3}
      propertyPath: m_LocalPosition.y
      value: 1.89
      objectReference: {fileID: 0}
    - target: {fileID: 3304519394420091179, guid: 3369b09ef6de1a44ea7c5250bacfa569,
        type: 3}
      propertyPath: m_LocalPosition.x
      value: 0.64
      objectReference: {fileID: 0}
    - target: {fileID: 8928300558547406050, guid: 3369b09ef6de1a44ea7c5250bacfa569,
        type: 3}
      propertyPath: m_IsActive
      value: 0
      objectReference: {fileID: 0}
    m_RemovedComponents: []
  m_SourcePrefab: {fileID: 100100000, guid: 3369b09ef6de1a44ea7c5250bacfa569, type: 3}
--- !u!4 &2072782497 stripped
Transform:
  m_CorrespondingSourceObject: {fileID: 6770545668850250917, guid: 17c92264f79940e42bb77de883d23c43,
    type: 3}
  m_PrefabInstance: {fileID: 1115073709}
  m_PrefabAsset: {fileID: 0}
